<?xml version="1.0" encoding="utf-8"?>
<record xmlns="http://www.loc.gov/MARC21/slim" xmlns:xsi="http://www.w3.org/2001/XMLSchema-instance" xsi:schemaLocation="http://www.loc.gov/MARC21/slim http://www.loc.gov/standards/marcxml/schema/MARC21slim.xsd">
	<leader>
		01922nam a2200337   4500
	</leader>
	<controlfield tag="001">
		002775601
	</controlfield>
	<controlfield tag="003">
		NNU
	</controlfield>
	<controlfield tag="006">
		m        d        
	</controlfield>
	<controlfield tag="007">
		cr cn |||m|||a
	</controlfield>
	<controlfield tag="008">
		160201s1924    ua      o     000 0 ara d
	</controlfield>
	<datafield ind1=" " ind2=" " tag="040">
		<subfield code="a">
			NNU
		</subfield>
		<subfield code="b">
			eng
		</subfield>
		<subfield code="c">
			NNU
		</subfield>
	</datafield>
	<datafield ind1="1" ind2=" " tag="100">
		<subfield code="a">
			Bājūrī, Ibrāhīm ibn Muḥammad,
		</subfield>
		<subfield code="d">
			1783 or 4-1860.
		</subfield>
	</datafield>
	<datafield ind1="1" ind2="0" tag="245">
		<subfield code="a">
			Ḥāshīyat al-Shaykh Ibrāhīm al-Bājūrī ʻalá Sharḥ Ibn Qāsim al-Ghazzī ʻalá matn al-Shaykh Abī Shujāʻ fī madhhab al-Imām al-Shāfiʻī
		</subfield>
		<subfield code="h">
			[electronic resource].
		</subfield>
	</datafield>
	<datafield ind1=" " ind2=" " tag="260">
		<subfield code="a">
			Miṣr :
		</subfield>
		<subfield code="b">
			Muṣṭafá al-Bābī al-Ḥalabī,
		</subfield>
		<subfield code="c">
			1343 [1924]
		</subfield>
	</datafield>
	<datafield ind1=" " ind2=" " tag="300">
		<subfield code="a">
			online resource (2 v.)
		</subfield>
	</datafield>
	<datafield ind1=" " ind2=" " tag="500">
		<subfield code="a">
			Includes texts of Ibn al-Qāsim al-Ghazzī's Fatḥ al-qarīb al-mujīb and Abū Shujāʻ al-Iṣfahānī's Ghāyat al-ikhtiṣār.
		</subfield>
	</datafield>
	<datafield ind1=" " ind2=" " tag="500">
		<subfield code="a">
			Part of the Arabic Collections Online (ACO) project, contributed by New York Univeristy Libraries.
		</subfield>
	</datafield>
	<datafield ind1=" " ind2=" " tag="533">
		<subfield code="a">
			Electronic reproduction.
		</subfield>
		<subfield code="b">
			New York, N.Y. :
		</subfield>
		<subfield code="c">
			New York University,
		</subfield>
		<subfield code="d">
			2016.
		</subfield>
		<subfield code="5">
			NNU
		</subfield>
	</datafield>
	<datafield ind1="1" ind2="0" tag="600">
		<subfield code="a">
			Ghazzī, Muḥammad ibn Qāsim,
		</subfield>
		<subfield code="d">
			1454 or 5-1512 or 13.
		</subfield>
		<subfield code="t">
			Fatḥ al-qarīb al-mujīb.
		</subfield>
	</datafield>
	<datafield ind1=" " ind2="0" tag="650">
		<subfield code="a">
			Islamic law.
		</subfield>
	</datafield>
	<datafield ind1=" " ind2="0" tag="650">
		<subfield code="a">
			Shafiites.
		</subfield>
	</datafield>
	<datafield ind1="1" ind2=" " tag="700">
		<subfield code="a">
			Abū Shujāʻ al-Iṣfahānī, Aḥmad ibn al-Ḥusayn,
		</subfield>
		<subfield code="d">
			b. ca. 1042.
		</subfield>
		<subfield code="t">
			Ghāyat alʼ-ikhtiṣār.
		</subfield>
		<subfield code="f">
			1881.
		</subfield>
	</datafield>
	<datafield ind1="1" ind2=" " tag="700">
		<subfield code="a">
			Ghazzī, Muḥammad ibn Qāsim,
		</subfield>
		<subfield code="d">
			1454 or 5-1512 or 13.
		</subfield>
		<subfield code="t">
			Fatḥ al-qarīb al-mujīb.
		</subfield>
	</datafield>
	<datafield ind1="2" ind2=" " tag="710">
		<subfield code="a">
			New York University.
		</subfield>
		<subfield code="b">
			Libraries.
		</subfield>
	</datafield>
	<datafield ind1="0" ind2=" " tag="730">
		<subfield code="a">
			Arabic Collections Online.
		</subfield>
	</datafield>
	<datafield ind1="0" ind2=" " tag="740">
		<subfield code="a">
			Ghāyat al-ikhtiṣār.
		</subfield>
	</datafield>
	<datafield ind1="0" ind2=" " tag="740">
		<subfield code="a">
			Fatḥ al-qarīb al-mujīb.
		</subfield>
	</datafield>
	<datafield ind1="0" ind2="8" tag="776">
		<subfield code="i">
			Print version:
		</subfield>
		<subfield code="a">
			Bājūrī, Ibrāhīm ibn Muḥammad, 1783 or 4-1860.
		</subfield>
		<subfield code="t">
			Ḥāshīyat al-Shaykh Ibrāhīm al-Bājūrī ʻalá Sharḥ Ibn Qāsim al-Ghazzī ʻalá matn al-Shaykh Abī Shujāʻ fī madhhab al-Imām al-Shāfiʻī
		</subfield>
		<subfield code="w">
			(NNU)002775601
		</subfield>
	</datafield>
	<datafield ind1="4" ind2="0" tag="856">
		<subfield code="u">
			http://hdl.handle.net/2333.1/h44j12v1
		</subfield>
	</datafield>
	<datafield ind1=" " ind2=" " tag="959">
		<subfield code="a">
			NNU
		</subfield>
		<subfield code="b">
			WEB
		</subfield>
		<subfield code="c">
			GENI
		</subfield>
		<subfield code="t">
			0
		</subfield>
		<subfield code="m">
			Electronic access
		</subfield>
		<subfield code="s">
			01
		</subfield>
	</datafield>
	<datafield ind1=" " ind2=" " tag="999">
		<subfield code="i">
			NNU_002775601
		</subfield>
		<subfield code="s">
			nyu_aco001648:v.2
		</subfield>
		<subfield code="e">
			(ERROR-880)
		</subfield>
	</datafield>
</record>
